%YAML 1.1
%TAG !u! tag:unity3d.com,2011:
--- !u!29 &1
OcclusionCullingSettings:
  m_ObjectHideFlags: 0
  serializedVersion: 2
  m_OcclusionBakeSettings:
    smallestOccluder: 5
    smallestHole: 0.25
    backfaceThreshold: 100
  m_SceneGUID: 00000000000000000000000000000000
  m_OcclusionCullingData: {fileID: 0}
--- !u!104 &2
RenderSettings:
  m_ObjectHideFlags: 0
  serializedVersion: 9
  m_Fog: 0
  m_FogColor: {r: 0.5, g: 0.5, b: 0.5, a: 1}
  m_FogMode: 3
  m_FogDensity: 0.01
  m_LinearFogStart: 0
  m_LinearFogEnd: 300
  m_AmbientSkyColor: {r: 0.212, g: 0.227, b: 0.259, a: 1}
  m_AmbientEquatorColor: {r: 0.114, g: 0.125, b: 0.133, a: 1}
  m_AmbientGroundColor: {r: 0.047, g: 0.043, b: 0.035, a: 1}
  m_AmbientIntensity: 1
  m_AmbientMode: 0
  m_SubtractiveShadowColor: {r: 0.42, g: 0.478, b: 0.627, a: 1}
  m_SkyboxMaterial: {fileID: 10304, guid: 0000000000000000f000000000000000, type: 0}
  m_HaloStrength: 0.5
  m_FlareStrength: 1
  m_FlareFadeSpeed: 3
  m_HaloTexture: {fileID: 0}
  m_SpotCookie: {fileID: 10001, guid: 0000000000000000e000000000000000, type: 0}
  m_DefaultReflectionMode: 0
  m_DefaultReflectionResolution: 128
  m_ReflectionBounces: 1
  m_ReflectionIntensity: 1
  m_CustomReflection: {fileID: 0}
  m_Sun: {fileID: 705507994}
  m_IndirectSpecularColor: {r: 0, g: 0, b: 0, a: 1}
  m_UseRadianceAmbientProbe: 0
--- !u!157 &3
LightmapSettings:
  m_ObjectHideFlags: 0
  serializedVersion: 12
  m_GIWorkflowMode: 1
  m_GISettings:
    serializedVersion: 2
    m_BounceScale: 1
    m_IndirectOutputScale: 1
    m_AlbedoBoost: 1
    m_EnvironmentLightingMode: 0
    m_EnableBakedLightmaps: 1
    m_EnableRealtimeLightmaps: 0
  m_LightmapEditorSettings:
    serializedVersion: 12
    m_Resolution: 2
    m_BakeResolution: 40
    m_AtlasSize: 1024
    m_AO: 0
    m_AOMaxDistance: 1
    m_CompAOExponent: 1
    m_CompAOExponentDirect: 0
    m_ExtractAmbientOcclusion: 0
    m_Padding: 2
    m_LightmapParameters: {fileID: 0}
    m_LightmapsBakeMode: 1
    m_TextureCompression: 1
    m_FinalGather: 0
    m_FinalGatherFiltering: 1
    m_FinalGatherRayCount: 256
    m_ReflectionCompression: 2
    m_MixedBakeMode: 2
    m_BakeBackend: 1
    m_PVRSampling: 1
    m_PVRDirectSampleCount: 32
    m_PVRSampleCount: 500
    m_PVRBounces: 2
    m_PVREnvironmentSampleCount: 500
    m_PVREnvironmentReferencePointCount: 2048
    m_PVRFilteringMode: 2
    m_PVRDenoiserTypeDirect: 0
    m_PVRDenoiserTypeIndirect: 0
    m_PVRDenoiserTypeAO: 0
    m_PVRFilterTypeDirect: 0
    m_PVRFilterTypeIndirect: 0
    m_PVRFilterTypeAO: 0
    m_PVREnvironmentMIS: 0
    m_PVRCulling: 1
    m_PVRFilteringGaussRadiusDirect: 1
    m_PVRFilteringGaussRadiusIndirect: 5
    m_PVRFilteringGaussRadiusAO: 2
    m_PVRFilteringAtrousPositionSigmaDirect: 0.5
    m_PVRFilteringAtrousPositionSigmaIndirect: 2
    m_PVRFilteringAtrousPositionSigmaAO: 1
    m_ExportTrainingData: 0
    m_TrainingDataDestination: TrainingData
    m_LightProbeSampleCountMultiplier: 4
  m_LightingDataAsset: {fileID: 0}
  m_LightingSettings: {fileID: 1208066125}
--- !u!196 &4
NavMeshSettings:
  serializedVersion: 2
  m_ObjectHideFlags: 0
  m_BuildSettings:
    serializedVersion: 2
    agentTypeID: 0
    agentRadius: 0.5
    agentHeight: 2
    agentSlope: 45
    agentClimb: 0.4
    ledgeDropHeight: 0
    maxJumpAcrossDistance: 0
    minRegionArea: 2
    manualCellSize: 0
    cellSize: 0.16666667
    manualTileSize: 0
    tileSize: 256
    accuratePlacement: 0
    maxJobWorkers: 0
    preserveTilesOutsideBounds: 0
    debug:
      m_Flags: 0
  m_NavMeshData: {fileID: 0}
--- !u!1 &705507993
GameObject:
  m_ObjectHideFlags: 0
  m_CorrespondingSourceObject: {fileID: 0}
  m_PrefabInstance: {fileID: 0}
  m_PrefabAsset: {fileID: 0}
  serializedVersion: 6
  m_Component:
  - component: {fileID: 705507995}
  - component: {fileID: 705507994}
  m_Layer: 0
  m_Name: Directional Light
  m_TagString: Untagged
  m_Icon: {fileID: 0}
  m_NavMeshLayer: 0
  m_StaticEditorFlags: 0
  m_IsActive: 1
--- !u!108 &705507994
Light:
  m_ObjectHideFlags: 0
  m_CorrespondingSourceObject: {fileID: 0}
  m_PrefabInstance: {fileID: 0}
  m_PrefabAsset: {fileID: 0}
  m_GameObject: {fileID: 705507993}
  m_Enabled: 1
  serializedVersion: 10
  m_Type: 1
  m_Shape: 0
  m_Color: {r: 1, g: 0.95686275, b: 0.8392157, a: 1}
  m_Intensity: 1
  m_Range: 10
  m_SpotAngle: 30
  m_InnerSpotAngle: 21.80208
  m_CookieSize: 10
  m_Shadows:
    m_Type: 2
    m_Resolution: -1
    m_CustomResolution: -1
    m_Strength: 0.349
    m_Bias: 0.05
    m_NormalBias: 0
    m_NearPlane: 0.2
    m_CullingMatrixOverride:
      e00: 1
      e01: 0
      e02: 0
      e03: 0
      e10: 0
      e11: 1
      e12: 0
      e13: 0
      e20: 0
      e21: 0
      e22: 1
      e23: 0
      e30: 0
      e31: 0
      e32: 0
      e33: 1
    m_UseCullingMatrixOverride: 0
  m_Cookie: {fileID: 0}
  m_DrawHalo: 0
  m_Flare: {fileID: 12100000, guid: 54fbbf098d116effa00081aba8ad6659, type: 2}
  m_RenderMode: 0
  m_CullingMask:
    serializedVersion: 2
    m_Bits: 4294967295
  m_RenderingLayerMask: 1
  m_Lightmapping: 1
  m_LightShadowCasterMode: 0
  m_AreaSize: {x: 1, y: 1}
  m_BounceIntensity: 1
  m_ColorTemperature: 6570
  m_UseColorTemperature: 0
  m_BoundingSphereOverride: {x: 0, y: 0, z: 0, w: 0}
  m_UseBoundingSphereOverride: 0
  m_ShadowRadius: 0
  m_ShadowAngle: 0
--- !u!4 &705507995
Transform:
  m_ObjectHideFlags: 0
  m_CorrespondingSourceObject: {fileID: 0}
  m_PrefabInstance: {fileID: 0}
  m_PrefabAsset: {fileID: 0}
  m_GameObject: {fileID: 705507993}
  m_LocalRotation: {x: 0.40821788, y: -0.23456968, z: 0.10938163, w: 0.8754261}
  m_LocalPosition: {x: 0, y: 3, z: 0}
  m_LocalScale: {x: 1, y: 1, z: 1}
  m_Children: []
  m_Father: {fileID: 0}
  m_RootOrder: 0
  m_LocalEulerAnglesHint: {x: 50, y: -30, z: 0}
--- !u!114 &963194230 stripped
MonoBehaviour:
  m_CorrespondingSourceObject: {fileID: 3692397266779533705, guid: c84356326ffcf904892da8d09c2177db, type: 3}
  m_PrefabInstance: {fileID: 3692397267742711039}
  m_PrefabAsset: {fileID: 0}
  m_GameObject: {fileID: 0}
  m_Enabled: 1
  m_EditorHideFlags: 0
  m_Script: {fileID: 11500000, guid: 3da54c64fac8d1a4ebc4f358a86de7df, type: 3}
  m_Name: 
  m_EditorClassIdentifier: 
--- !u!850595691 &1208066125
LightingSettings:
  m_ObjectHideFlags: 0
  m_CorrespondingSourceObject: {fileID: 0}
  m_PrefabInstance: {fileID: 0}
  m_PrefabAsset: {fileID: 0}
  m_Name: Settings.lighting
  serializedVersion: 2
  m_GIWorkflowMode: 1
  m_EnableBakedLightmaps: 1
  m_EnableRealtimeLightmaps: 0
  m_RealtimeEnvironmentLighting: 1
  m_BounceScale: 1
  m_AlbedoBoost: 1
  m_IndirectOutputScale: 1
  m_UsingShadowmask: 1
  m_BakeBackend: 1
  m_LightmapMaxSize: 1024
  m_BakeResolution: 40
  m_Padding: 2
  m_TextureCompression: 1
  m_AO: 0
  m_AOMaxDistance: 1
  m_CompAOExponent: 1
  m_CompAOExponentDirect: 0
  m_ExtractAO: 0
  m_MixedBakeMode: 2
  m_LightmapsBakeMode: 1
  m_FilterMode: 1
  m_LightmapParameters: {fileID: 0}
  m_ExportTrainingData: 0
  m_TrainingDataDestination: TrainingData
  m_RealtimeResolution: 2
  m_ForceWhiteAlbedo: 0
  m_ForceUpdates: 0
  m_FinalGather: 0
  m_FinalGatherRayCount: 256
  m_FinalGatherFiltering: 1
  m_PVRCulling: 1
  m_PVRSampling: 1
  m_PVRDirectSampleCount: 32
  m_PVRSampleCount: 500
  m_PVREnvironmentSampleCount: 500
  m_PVREnvironmentReferencePointCount: 2048
  m_LightProbeSampleCountMultiplier: 4
  m_PVRBounces: 2
  m_PVRRussianRouletteStartBounce: 2
  m_PVREnvironmentMIS: 0
  m_PVRFilteringMode: 2
  m_PVRDenoiserTypeDirect: 0
  m_PVRDenoiserTypeIndirect: 0
  m_PVRDenoiserTypeAO: 0
  m_PVRFilterTypeDirect: 0
  m_PVRFilterTypeIndirect: 0
  m_PVRFilterTypeAO: 0
  m_PVRFilteringGaussRadiusDirect: 1
  m_PVRFilteringGaussRadiusIndirect: 5
  m_PVRFilteringGaussRadiusAO: 2
  m_PVRFilteringAtrousPositionSigmaDirect: 0.5
  m_PVRFilteringAtrousPositionSigmaIndirect: 2
  m_PVRFilteringAtrousPositionSigmaAO: 1
--- !u!1001 &1781518223
PrefabInstance:
  m_ObjectHideFlags: 0
  serializedVersion: 2
  m_Modification:
    m_TransformParent: {fileID: 0}
    m_Modifications:
    - target: {fileID: 1731041503948772143, guid: b30c8858674549346b670e882af490af, type: 3}
      propertyPath: m_Center.y
      value: 0
      objectReference: {fileID: 0}
    - target: {fileID: 1731041503948772143, guid: b30c8858674549346b670e882af490af, type: 3}
      propertyPath: m_Radius
      value: 0
      objectReference: {fileID: 0}
    - target: {fileID: 1731041504508277539, guid: b30c8858674549346b670e882af490af, type: 3}
      propertyPath: m_LocalPosition.x
      value: -35.13
      objectReference: {fileID: 0}
    - target: {fileID: 1731041504508277539, guid: b30c8858674549346b670e882af490af, type: 3}
      propertyPath: m_LocalPosition.y
      value: 1.202
      objectReference: {fileID: 0}
    - target: {fileID: 1731041504508277539, guid: b30c8858674549346b670e882af490af, type: 3}
      propertyPath: m_LocalPosition.z
      value: 196.738
      objectReference: {fileID: 0}
    - target: {fileID: 1731041504508277539, guid: b30c8858674549346b670e882af490af, type: 3}
      propertyPath: m_LocalRotation.x
      value: -0
      objectReference: {fileID: 0}
    - target: {fileID: 1731041504508277539, guid: b30c8858674549346b670e882af490af, type: 3}
      propertyPath: m_LocalRotation.y
      value: 0.2939612
      objectReference: {fileID: 0}
    - target: {fileID: 1731041504508277539, guid: b30c8858674549346b670e882af490af, type: 3}
      propertyPath: m_LocalRotation.z
      value: -0
      objectReference: {fileID: 0}
    - target: {fileID: 1731041504508277539, guid: b30c8858674549346b670e882af490af, type: 3}
      propertyPath: m_LocalRotation.w
      value: 0.9558174
      objectReference: {fileID: 0}
    - target: {fileID: 1731041504508277539, guid: b30c8858674549346b670e882af490af, type: 3}
      propertyPath: m_RootOrder
      value: 1
      objectReference: {fileID: 0}
    - target: {fileID: 1731041504508277539, guid: b30c8858674549346b670e882af490af, type: 3}
      propertyPath: m_LocalEulerAnglesHint.x
      value: 0
      objectReference: {fileID: 0}
    - target: {fileID: 1731041504508277539, guid: b30c8858674549346b670e882af490af, type: 3}
      propertyPath: m_LocalEulerAnglesHint.y
      value: 34.191
      objectReference: {fileID: 0}
    - target: {fileID: 1731041504508277539, guid: b30c8858674549346b670e882af490af, type: 3}
      propertyPath: m_LocalEulerAnglesHint.z
      value: 0
      objectReference: {fileID: 0}
    - target: {fileID: 1731041504508277539, guid: b30c8858674549346b670e882af490af, type: 3}
      propertyPath: m_LocalScale.x
      value: 1
      objectReference: {fileID: 0}
    - target: {fileID: 1731041504508277539, guid: b30c8858674549346b670e882af490af, type: 3}
      propertyPath: m_LocalScale.y
      value: 1
      objectReference: {fileID: 0}
    - target: {fileID: 1731041504508277539, guid: b30c8858674549346b670e882af490af, type: 3}
      propertyPath: m_LocalScale.z
      value: 1
      objectReference: {fileID: 0}
    - target: {fileID: 1731041504508277540, guid: b30c8858674549346b670e882af490af, type: 3}
      propertyPath: m_Name
      value: Cubo
      objectReference: {fileID: 0}
    - target: {fileID: 1731041504508277540, guid: b30c8858674549346b670e882af490af, type: 3}
      propertyPath: m_TagString
      value: Pointable
      objectReference: {fileID: 0}
    m_RemovedComponents:
    - {fileID: 1731041505597079536, guid: b30c8858674549346b670e882af490af, type: 3}
    - {fileID: 1731041505413762352, guid: b30c8858674549346b670e882af490af, type: 3}
    - {fileID: 1731041505191745734, guid: b30c8858674549346b670e882af490af, type: 3}
    - {fileID: 1731041504870884789, guid: b30c8858674549346b670e882af490af, type: 3}
    - {fileID: 1731041504778776751, guid: b30c8858674549346b670e882af490af, type: 3}
    - {fileID: 1731041504486596395, guid: b30c8858674549346b670e882af490af, type: 3}
    - {fileID: 1731041504363091479, guid: b30c8858674549346b670e882af490af, type: 3}
    - {fileID: 1731041504186827635, guid: b30c8858674549346b670e882af490af, type: 3}
    - {fileID: 1731041504124116670, guid: b30c8858674549346b670e882af490af, type: 3}
    - {fileID: 1731041504066929968, guid: b30c8858674549346b670e882af490af, type: 3}
    - {fileID: 1731041503909228528, guid: b30c8858674549346b670e882af490af, type: 3}
    - {fileID: 1731041503844574154, guid: b30c8858674549346b670e882af490af, type: 3}
    - {fileID: 1731041505597079503, guid: b30c8858674549346b670e882af490af, type: 3}
    - {fileID: 1731041505413762319, guid: b30c8858674549346b670e882af490af, type: 3}
    - {fileID: 1731041505191745733, guid: b30c8858674549346b670e882af490af, type: 3}
    - {fileID: 1731041504870884788, guid: b30c8858674549346b670e882af490af, type: 3}
    - {fileID: 1731041504778776750, guid: b30c8858674549346b670e882af490af, type: 3}
    - {fileID: 1731041504486596394, guid: b30c8858674549346b670e882af490af, type: 3}
    - {fileID: 1731041504363091478, guid: b30c8858674549346b670e882af490af, type: 3}
    - {fileID: 1731041504186827634, guid: b30c8858674549346b670e882af490af, type: 3}
    - {fileID: 1731041504124116669, guid: b30c8858674549346b670e882af490af, type: 3}
    - {fileID: 1731041504066929935, guid: b30c8858674549346b670e882af490af, type: 3}
    - {fileID: 1731041503909228495, guid: b30c8858674549346b670e882af490af, type: 3}
    - {fileID: 1731041503844574153, guid: b30c8858674549346b670e882af490af, type: 3}
    - {fileID: 1731041503948772304, guid: b30c8858674549346b670e882af490af, type: 3}
    - {fileID: 1731041503948772143, guid: b30c8858674549346b670e882af490af, type: 3}
  m_SourcePrefab: {fileID: 100100000, guid: b30c8858674549346b670e882af490af, type: 3}
--- !u!1001 &184320219460248052
PrefabInstance:
  m_ObjectHideFlags: 0
  serializedVersion: 2
  m_Modification:
    m_TransformParent: {fileID: 0}
    m_Modifications:
    - target: {fileID: 184320218419585776, guid: 0b090bec834f31e4bb80ca6ee75df3f8, type: 3}
      propertyPath: m_OnClick.m_PersistentCalls.m_Calls.Array.data[0].m_Target
      value: 
      objectReference: {fileID: 963194230}
    - target: {fileID: 184320218660609202, guid: 0b090bec834f31e4bb80ca6ee75df3f8, type: 3}
      propertyPath: m_Name
      value: GUI
      objectReference: {fileID: 0}
    - target: {fileID: 184320218660609203, guid: 0b090bec834f31e4bb80ca6ee75df3f8, type: 3}
      propertyPath: m_LocalPosition.x
      value: 0
      objectReference: {fileID: 0}
    - target: {fileID: 184320218660609203, guid: 0b090bec834f31e4bb80ca6ee75df3f8, type: 3}
      propertyPath: m_LocalPosition.y
      value: 0
      objectReference: {fileID: 0}
    - target: {fileID: 184320218660609203, guid: 0b090bec834f31e4bb80ca6ee75df3f8, type: 3}
      propertyPath: m_LocalPosition.z
      value: 0
      objectReference: {fileID: 0}
    - target: {fileID: 184320218660609203, guid: 0b090bec834f31e4bb80ca6ee75df3f8, type: 3}
      propertyPath: m_LocalRotation.x
      value: 0
      objectReference: {fileID: 0}
    - target: {fileID: 184320218660609203, guid: 0b090bec834f31e4bb80ca6ee75df3f8, type: 3}
      propertyPath: m_LocalRotation.y
      value: 0
      objectReference: {fileID: 0}
    - target: {fileID: 184320218660609203, guid: 0b090bec834f31e4bb80ca6ee75df3f8, type: 3}
      propertyPath: m_LocalRotation.z
      value: 0
      objectReference: {fileID: 0}
    - target: {fileID: 184320218660609203, guid: 0b090bec834f31e4bb80ca6ee75df3f8, type: 3}
      propertyPath: m_LocalRotation.w
      value: 1
      objectReference: {fileID: 0}
    - target: {fileID: 184320218660609203, guid: 0b090bec834f31e4bb80ca6ee75df3f8, type: 3}
      propertyPath: m_RootOrder
      value: 4
      objectReference: {fileID: 0}
    - target: {fileID: 184320218660609203, guid: 0b090bec834f31e4bb80ca6ee75df3f8, type: 3}
      propertyPath: m_LocalEulerAnglesHint.x
      value: 0
      objectReference: {fileID: 0}
    - target: {fileID: 184320218660609203, guid: 0b090bec834f31e4bb80ca6ee75df3f8, type: 3}
      propertyPath: m_LocalEulerAnglesHint.y
      value: 0
      objectReference: {fileID: 0}
    - target: {fileID: 184320218660609203, guid: 0b090bec834f31e4bb80ca6ee75df3f8, type: 3}
      propertyPath: m_LocalEulerAnglesHint.z
      value: 0
      objectReference: {fileID: 0}
    - target: {fileID: 184320219037377631, guid: 0b090bec834f31e4bb80ca6ee75df3f8, type: 3}
      propertyPath: m_OnClick.m_PersistentCalls.m_Calls.Array.data[0].m_Target
      value: 
      objectReference: {fileID: 963194230}
    - target: {fileID: 184320219519559717, guid: 0b090bec834f31e4bb80ca6ee75df3f8, type: 3}
      propertyPath: m_OnClick.m_PersistentCalls.m_Calls.Array.data[0].m_Target
      value: 
      objectReference: {fileID: 963194230}
    - target: {fileID: 184320219827925434, guid: 0b090bec834f31e4bb80ca6ee75df3f8, type: 3}
      propertyPath: m_OnClick.m_PersistentCalls.m_Calls.Array.data[0].m_Target
      value: 
      objectReference: {fileID: 963194230}
    m_RemovedComponents: []
  m_SourcePrefab: {fileID: 100100000, guid: 0b090bec834f31e4bb80ca6ee75df3f8, type: 3}
--- !u!1001 &644581350398196501
PrefabInstance:
  m_ObjectHideFlags: 0
  serializedVersion: 2
  m_Modification:
    m_TransformParent: {fileID: 0}
    m_Modifications:
    - target: {fileID: 644581351659550242, guid: 922a6c31939c6f840984182cedb03968, type: 3}
      propertyPath: m_LocalPosition.x
      value: 0
      objectReference: {fileID: 0}
    - target: {fileID: 644581351659550242, guid: 922a6c31939c6f840984182cedb03968, type: 3}
      propertyPath: m_LocalPosition.y
      value: 0
      objectReference: {fileID: 0}
    - target: {fileID: 644581351659550242, guid: 922a6c31939c6f840984182cedb03968, type: 3}
      propertyPath: m_LocalPosition.z
      value: 0
      objectReference: {fileID: 0}
    - target: {fileID: 644581351659550242, guid: 922a6c31939c6f840984182cedb03968, type: 3}
      propertyPath: m_LocalRotation.x
      value: 0
      objectReference: {fileID: 0}
    - target: {fileID: 644581351659550242, guid: 922a6c31939c6f840984182cedb03968, type: 3}
      propertyPath: m_LocalRotation.y
      value: 0
      objectReference: {fileID: 0}
    - target: {fileID: 644581351659550242, guid: 922a6c31939c6f840984182cedb03968, type: 3}
      propertyPath: m_LocalRotation.z
      value: 0
      objectReference: {fileID: 0}
    - target: {fileID: 644581351659550242, guid: 922a6c31939c6f840984182cedb03968, type: 3}
      propertyPath: m_LocalRotation.w
      value: 1
      objectReference: {fileID: 0}
    - target: {fileID: 644581351659550242, guid: 922a6c31939c6f840984182cedb03968, type: 3}
      propertyPath: m_RootOrder
      value: 3
      objectReference: {fileID: 0}
    - target: {fileID: 644581351659550242, guid: 922a6c31939c6f840984182cedb03968, type: 3}
      propertyPath: m_LocalEulerAnglesHint.x
      value: 0
      objectReference: {fileID: 0}
    - target: {fileID: 644581351659550242, guid: 922a6c31939c6f840984182cedb03968, type: 3}
      propertyPath: m_LocalEulerAnglesHint.y
      value: 0
      objectReference: {fileID: 0}
    - target: {fileID: 644581351659550242, guid: 922a6c31939c6f840984182cedb03968, type: 3}
      propertyPath: m_LocalEulerAnglesHint.z
      value: 0
      objectReference: {fileID: 0}
    - target: {fileID: 644581351659550243, guid: 922a6c31939c6f840984182cedb03968, type: 3}
      propertyPath: m_Name
      value: Poblado
      objectReference: {fileID: 0}
    m_RemovedComponents: []
  m_SourcePrefab: {fileID: 100100000, guid: 922a6c31939c6f840984182cedb03968, type: 3}
--- !u!1001 &877400290894001335
PrefabInstance:
  m_ObjectHideFlags: 0
  serializedVersion: 2
  m_Modification:
    m_TransformParent: {fileID: 0}
    m_Modifications:
    - target: {fileID: 877400289203815233, guid: 6b00496f950c7a84590ff5d4c9e9935b, type: 3}
      propertyPath: m_LocalPosition.x
      value: 0
      objectReference: {fileID: 0}
    - target: {fileID: 877400289203815233, guid: 6b00496f950c7a84590ff5d4c9e9935b, type: 3}
      propertyPath: m_LocalPosition.y
      value: 0
      objectReference: {fileID: 0}
    - target: {fileID: 877400289203815233, guid: 6b00496f950c7a84590ff5d4c9e9935b, type: 3}
      propertyPath: m_LocalPosition.z
      value: 0
      objectReference: {fileID: 0}
    - target: {fileID: 877400289203815233, guid: 6b00496f950c7a84590ff5d4c9e9935b, type: 3}
      propertyPath: m_LocalRotation.x
      value: 0
      objectReference: {fileID: 0}
    - target: {fileID: 877400289203815233, guid: 6b00496f950c7a84590ff5d4c9e9935b, type: 3}
      propertyPath: m_LocalRotation.y
      value: 0
      objectReference: {fileID: 0}
    - target: {fileID: 877400289203815233, guid: 6b00496f950c7a84590ff5d4c9e9935b, type: 3}
      propertyPath: m_LocalRotation.z
      value: 0
      objectReference: {fileID: 0}
    - target: {fileID: 877400289203815233, guid: 6b00496f950c7a84590ff5d4c9e9935b, type: 3}
      propertyPath: m_LocalRotation.w
      value: 1
      objectReference: {fileID: 0}
    - target: {fileID: 877400289203815233, guid: 6b00496f950c7a84590ff5d4c9e9935b, type: 3}
      propertyPath: m_RootOrder
      value: 6
      objectReference: {fileID: 0}
    - target: {fileID: 877400289203815233, guid: 6b00496f950c7a84590ff5d4c9e9935b, type: 3}
      propertyPath: m_LocalEulerAnglesHint.x
      value: 0
      objectReference: {fileID: 0}
    - target: {fileID: 877400289203815233, guid: 6b00496f950c7a84590ff5d4c9e9935b, type: 3}
      propertyPath: m_LocalEulerAnglesHint.y
      value: 0
      objectReference: {fileID: 0}
    - target: {fileID: 877400289203815233, guid: 6b00496f950c7a84590ff5d4c9e9935b, type: 3}
      propertyPath: m_LocalEulerAnglesHint.z
      value: 0
      objectReference: {fileID: 0}
    - target: {fileID: 877400289203815234, guid: 6b00496f950c7a84590ff5d4c9e9935b, type: 3}
      propertyPath: m_Name
      value: SpawnPoints
      objectReference: {fileID: 0}
    m_RemovedComponents: []
  m_SourcePrefab: {fileID: 100100000, guid: 6b00496f950c7a84590ff5d4c9e9935b, type: 3}
--- !u!1001 &3655679377982516041
PrefabInstance:
  m_ObjectHideFlags: 0
  serializedVersion: 2
  m_Modification:
    m_TransformParent: {fileID: 0}
    m_Modifications:
    - target: {fileID: 3655679379059195271, guid: 098055839863f004aa8f33405110dac3, type: 3}
      propertyPath: m_Name
      value: Terrain
      objectReference: {fileID: 0}
    - target: {fileID: 3655679379059195288, guid: 098055839863f004aa8f33405110dac3, type: 3}
      propertyPath: m_LocalPosition.x
      value: -478.83
      objectReference: {fileID: 0}
    - target: {fileID: 3655679379059195288, guid: 098055839863f004aa8f33405110dac3, type: 3}
      propertyPath: m_LocalPosition.y
      value: 0
      objectReference: {fileID: 0}
    - target: {fileID: 3655679379059195288, guid: 098055839863f004aa8f33405110dac3, type: 3}
      propertyPath: m_LocalPosition.z
      value: -481
      objectReference: {fileID: 0}
    - target: {fileID: 3655679379059195288, guid: 098055839863f004aa8f33405110dac3, type: 3}
      propertyPath: m_LocalRotation.x
      value: 0
      objectReference: {fileID: 0}
    - target: {fileID: 3655679379059195288, guid: 098055839863f004aa8f33405110dac3, type: 3}
      propertyPath: m_LocalRotation.y
      value: 0
      objectReference: {fileID: 0}
    - target: {fileID: 3655679379059195288, guid: 098055839863f004aa8f33405110dac3, type: 3}
      propertyPath: m_LocalRotation.z
      value: 0
      objectReference: {fileID: 0}
    - target: {fileID: 3655679379059195288, guid: 098055839863f004aa8f33405110dac3, type: 3}
      propertyPath: m_LocalRotation.w
      value: 1
      objectReference: {fileID: 0}
    - target: {fileID: 3655679379059195288, guid: 098055839863f004aa8f33405110dac3, type: 3}
      propertyPath: m_RootOrder
      value: 2
      objectReference: {fileID: 0}
    - target: {fileID: 3655679379059195288, guid: 098055839863f004aa8f33405110dac3, type: 3}
      propertyPath: m_LocalEulerAnglesHint.x
      value: 0
      objectReference: {fileID: 0}
    - target: {fileID: 3655679379059195288, guid: 098055839863f004aa8f33405110dac3, type: 3}
      propertyPath: m_LocalEulerAnglesHint.y
      value: 0
      objectReference: {fileID: 0}
    - target: {fileID: 3655679379059195288, guid: 098055839863f004aa8f33405110dac3, type: 3}
      propertyPath: m_LocalEulerAnglesHint.z
      value: 0
      objectReference: {fileID: 0}
    m_RemovedComponents: []
  m_SourcePrefab: {fileID: 100100000, guid: 098055839863f004aa8f33405110dac3, type: 3}
--- !u!1001 &3692397267742711039
PrefabInstance:
  m_ObjectHideFlags: 0
  serializedVersion: 2
  m_Modification:
    m_TransformParent: {fileID: 0}
    m_Modifications:
    - target: {fileID: 3692397267347485889, guid: c84356326ffcf904892da8d09c2177db, type: 3}
      propertyPath: m_LocalPosition.x
      value: 0
      objectReference: {fileID: 0}
    - target: {fileID: 3692397267347485889, guid: c84356326ffcf904892da8d09c2177db, type: 3}
      propertyPath: m_LocalPosition.y
      value: 1
      objectReference: {fileID: 0}
    - target: {fileID: 3692397267347485889, guid: c84356326ffcf904892da8d09c2177db, type: 3}
      propertyPath: m_LocalPosition.z
      value: 20
      objectReference: {fileID: 0}
    - target: {fileID: 3692397267347485889, guid: c84356326ffcf904892da8d09c2177db, type: 3}
      propertyPath: m_LocalRotation.x
      value: 0
      objectReference: {fileID: 0}
    - target: {fileID: 3692397267347485889, guid: c84356326ffcf904892da8d09c2177db, type: 3}
      propertyPath: m_LocalRotation.y
      value: 0
      objectReference: {fileID: 0}
    - target: {fileID: 3692397267347485889, guid: c84356326ffcf904892da8d09c2177db, type: 3}
      propertyPath: m_LocalRotation.z
      value: 0
      objectReference: {fileID: 0}
    - target: {fileID: 3692397267347485889, guid: c84356326ffcf904892da8d09c2177db, type: 3}
      propertyPath: m_LocalRotation.w
      value: 1
      objectReference: {fileID: 0}
    - target: {fileID: 3692397267347485889, guid: c84356326ffcf904892da8d09c2177db, type: 3}
      propertyPath: m_RootOrder
      value: 7
      objectReference: {fileID: 0}
    - target: {fileID: 3692397267347485889, guid: c84356326ffcf904892da8d09c2177db, type: 3}
      propertyPath: m_LocalEulerAnglesHint.x
      value: 0
      objectReference: {fileID: 0}
    - target: {fileID: 3692397267347485889, guid: c84356326ffcf904892da8d09c2177db, type: 3}
      propertyPath: m_LocalEulerAnglesHint.y
      value: 0
      objectReference: {fileID: 0}
    - target: {fileID: 3692397267347485889, guid: c84356326ffcf904892da8d09c2177db, type: 3}
      propertyPath: m_LocalEulerAnglesHint.z
      value: 0
      objectReference: {fileID: 0}
    - target: {fileID: 3692397267347485891, guid: c84356326ffcf904892da8d09c2177db, type: 3}
      propertyPath: m_Name
      value: Player
      objectReference: {fileID: 0}
    m_RemovedComponents: []
  m_SourcePrefab: {fileID: 100100000, guid: c84356326ffcf904892da8d09c2177db, type: 3}
--- !u!1001 &8156932446353063395
PrefabInstance:
  m_ObjectHideFlags: 0
  serializedVersion: 2
  m_Modification:
    m_TransformParent: {fileID: 0}
    m_Modifications:
    - target: {fileID: 8156932446029427584, guid: c302d4cad50fc8a40b2f0a02e62fcb3d, type: 3}
      propertyPath: m_LocalPosition.x
      value: 0
      objectReference: {fileID: 0}
    - target: {fileID: 8156932446029427584, guid: c302d4cad50fc8a40b2f0a02e62fcb3d, type: 3}
      propertyPath: m_LocalPosition.y
      value: 0
      objectReference: {fileID: 0}
    - target: {fileID: 8156932446029427584, guid: c302d4cad50fc8a40b2f0a02e62fcb3d, type: 3}
      propertyPath: m_LocalPosition.z
      value: 0
      objectReference: {fileID: 0}
    - target: {fileID: 8156932446029427584, guid: c302d4cad50fc8a40b2f0a02e62fcb3d, type: 3}
      propertyPath: m_LocalRotation.x
      value: -0
      objectReference: {fileID: 0}
    - target: {fileID: 8156932446029427584, guid: c302d4cad50fc8a40b2f0a02e62fcb3d, type: 3}
      propertyPath: m_LocalRotation.y
      value: -0
      objectReference: {fileID: 0}
    - target: {fileID: 8156932446029427584, guid: c302d4cad50fc8a40b2f0a02e62fcb3d, type: 3}
      propertyPath: m_LocalRotation.z
      value: -0
      objectReference: {fileID: 0}
    - target: {fileID: 8156932446029427584, guid: c302d4cad50fc8a40b2f0a02e62fcb3d, type: 3}
      propertyPath: m_LocalRotation.w
      value: 1
      objectReference: {fileID: 0}
    - target: {fileID: 8156932446029427584, guid: c302d4cad50fc8a40b2f0a02e62fcb3d, type: 3}
      propertyPath: m_RootOrder
      value: 5
      objectReference: {fileID: 0}
    - target: {fileID: 8156932446029427584, guid: c302d4cad50fc8a40b2f0a02e62fcb3d, type: 3}
      propertyPath: m_LocalEulerAnglesHint.x
      value: 0
      objectReference: {fileID: 0}
    - target: {fileID: 8156932446029427584, guid: c302d4cad50fc8a40b2f0a02e62fcb3d, type: 3}
      propertyPath: m_LocalEulerAnglesHint.y
      value: 0
      objectReference: {fileID: 0}
    - target: {fileID: 8156932446029427584, guid: c302d4cad50fc8a40b2f0a02e62fcb3d, type: 3}
      propertyPath: m_LocalEulerAnglesHint.z
      value: 0
      objectReference: {fileID: 0}
    - target: {fileID: 8156932446029427587, guid: c302d4cad50fc8a40b2f0a02e62fcb3d, type: 3}
      propertyPath: m_Name
      value: EventSystem
      objectReference: {fileID: 0}
    m_RemovedComponents: []
  m_SourcePrefab: {fileID: 100100000, guid: c302d4cad50fc8a40b2f0a02e62fcb3d, type: 3}
